<mx:record xmlns="http://www.w3.org/TR/xhtml1/strict" xmlns:mx="http://www.loc.gov/MARC21/slim" xmlns:xsi="http://www.w3.org/2001/XMLSchema-instance"><mx:leader>00000cz   2200000n  4500</mx:leader><mx:controlfield tag="001">oca01261521 </mx:controlfield><mx:controlfield tag="005">20000525064414.0</mx:controlfield><mx:controlfield tag="008">850124n| acannaabn          |a ana      </mx:controlfield><mx:datafield ind1=" " ind2=" " tag="010"><mx:subfield code="a">n  84208759 </mx:subfield></mx:datafield><mx:datafield ind1=" " ind2=" " tag="040"><mx:subfield code="a">DLC</mx:subfield><mx:subfield code="b">eng</mx:subfield><mx:subfield code="c">DLC</mx:subfield><mx:subfield code="d">DLC</mx:subfield><mx:subfield code="d">OCoLC</mx:subfield></mx:datafield><mx:datafield ind1=" " ind2="0" tag="130"><mx:subfield code="a">Appendix Vergiliana.</mx:subfield></mx:datafield><mx:datafield ind1="1" ind2=" " tag="400"><mx:subfield code="a">Vergilius Maro, Publius.</mx:subfield><mx:subfield code="t">Appendix Vergiliana</mx:subfield><mx:subfield code="w">nnaa</mx:subfield></mx:datafield><mx:datafield ind1="0" ind2=" " tag="400"><mx:subfield code="a">Virgil.</mx:subfield><mx:subfield code="t">Appendix Vergiliana</mx:subfield></mx:datafield><mx:datafield ind1=" " ind2=" " tag="670"><mx:subfield code="a">Schmid, W. Vergil-Probleme, 1983</mx:subfield><mx:subfield code="b">(name not given)</mx:subfield></mx:datafield><mx:datafield ind1=" " ind2=" " tag="670"><mx:subfield code="a">LC data base, 1-23-85</mx:subfield><mx:subfield code="b">(hdg.: Vergilius Maro, Publius. Appendix Vergiliana)</mx:subfield></mx:datafield><mx:datafield ind1=" " ind2=" " tag="670"><mx:subfield code="a">Oxford class. dict., 2nd ed., 1970</mx:subfield><mx:subfield code="b">(Appendix Vergiliana; coll. of Latin poems ascribed to Vergil)</mx:subfield></mx:datafield><mx:datafield ind1=" " ind2=" " tag="670"><mx:subfield code="a">Der Kleine Pauly, 1975,</mx:subfield><mx:subfield code="b">v. 1 (Appendix Vergiliana)</mx:subfield></mx:datafield><mx:datafield ind1=" " ind2=" " tag="670"><mx:subfield code="a">Encycl. Brit., 16th ed.</mx:subfield><mx:subfield code="b">(Appendix Vergiliana)</mx:subfield></mx:datafield></mx:record>